%% This BibTeX bibliography file was created using BibDesk.
%% https://bibdesk.sourceforge.io/

%% Created for 김미경 at 2025-08-17 10:08:17 +0900 


%% Saved with string encoding Unicode (UTF-8) 



@article{KKT2020,
	Author = {김기태},
	Journal = {언어},
	Pages = {261--285},
	Title = {관습화된 포지셔닝 촉발 장치로서의 '의문의 1패'와 '의문의 1승' 연구},
	Volume = {45},
    Issue = {2},
	Year = {2020}}

@article{KKT2020,
	Author = {김기태},
	Journal = {언어},
	Pages = {261--285},
	Title = {관습화된 포지셔닝 촉발 장치로서의 '의문의 1패'와 '의문의 1승' 연구},
	Volume = {45},
    Issue = {2},
	Year = {2020}}

